
@article{agarwal_polygon_2002,
	title = {Polygon decomposition for efficient construction of {Minkowski} sums},
	volume = {21},
	issn = {09257721},
	url = {https://linkinghub.elsevier.com/retrieve/pii/S0925772101000414},
	doi = {10.1016/S0925-7721(01)00041-4},
	language = {en},
	number = {1-2},
	urldate = {2023-10-24},
	journal = {Computational Geometry},
	author = {Agarwal, Pankaj K. and Flato, Eyal and Halperin, Dan},
	month = jan,
	year = {2002},
	pages = {39--61},
}

@inproceedings{chazelle_decomposing_1979,
	address = {Atlanta, Georgia, United States},
	title = {Decomposing a polygon into its convex parts},
	url = {http://portal.acm.org/citation.cfm?doid=800135.804396},
	doi = {10.1145/800135.804396},
	language = {en},
	urldate = {2023-10-24},
	booktitle = {Proceedings of the eleventh annual {ACM} symposium on {Theory} of computing  - {STOC} '79},
	publisher = {ACM Press},
	author = {Chazelle, Bernard and Dobkin, David},
	year = {1979},
	pages = {38--48},
}
